@ARTICLE{taxonomy,
author={W. Deng and F. Liu and H. Jin and B. Li and D. Li},
journal={IEEE Network},
title={Harnessing renewable energy in cloud datacenters: opportunities and challenges},
year={2014},
volume={28},
number={1},
pages={48-55},
publisher={IEEE},
}



@InProceedings{smart_cities_n_future_internet,
  author = {Schaffers, Hans
and Komninos, Nicos
and Pallot, Marc
and Trousse, Brigitte
and Nilsson, Michael
and Oliveira, Alvaro},
  title = 	 {Smart Cities and the Future Internet: Towards Cooperation Frameworks for Open Innovation},
  booktitle = {The Future Internet},
  year = 	 {2011},
  pages = 	 {431--446},  
  address = 	 {Berlin, Heidelberg}, 
  publisher = {Springer Berlin Heidelberg}
}

@Book{the_future_internet_book,
  author = 	 {Galis, Alex and Gavras Anastasilus},
  title = 	 {The Future Internet},    
  publisher = 	 {Springer-Verlag Berlin Heidelberg},
  year = 	 {2013}
}

@inproceedings{Carbon-Aware,
 author = {Ren, Chuangang and Wang, Di and Urgaonkar, Bhuvan and Sivasubramaniam, Anand},
 title = {{Carbon-Aware Energy Capacity Planning for Datacenters}},
 booktitle = {Proceedings of the 2012 IEEE 20th International Symposium on Modeling, Analysis and Simulation of Computer and Telecommunication Systems},
 series = {MASCOTS '12},
 year = {2012},
  pages = {391--400},
 numpages = {10},
 publisher = {IEEE Computer Society},
 address = {Washington, DC, Estados Unidos}
} 

@article{ReRack,
 author = {Brown, Michael and Renau, Jose},
 title = {{ReRack: Power Simulation for Data Centers with Renewable Energy Generation}},
 journal = {SIGMETRICS Perform. Eval. Rev.},
 issue_date = {December 2011},
 volume = {39},
 number = {3},
 month = dec,
 year = {2011},
 pages = {77--81},
 numpages = {5},
 publisher = {ACM},
 address = {New York, NY, USA},
} 

@INPROCEEDINGS{GreenSlot,
author={\'I. Goiri and R. Beauchea and K. Le and T. D. Nguyen and M. E. Haque and J. Guitart and J. Torres and R. Bianchini},
booktitle={SC '11: Proceedings of 2011 International Conference for High Performance Computing, Networking, Storage and Analysis},
title={{GreenSlot: Scheduling energy consumption in green datacenters}},
year=2011,
 publisher = {IEEE},
address = {Seatle, WA, Estados Unidos}
}

@inproceedings{GreenHadoop,
 author = {Goiri, \'{I}\~{n}igo and Le, Kien and Nguyen, Thu D. and Guitart, Jordi and Torres, Jordi and Bianchini, Ricardo},
 title = {{GreenHadoop: Leveraging Green Energy in Data-processing Frameworks}},
 booktitle = {Proceedings of the 7th ACM European Conference on Computer Systems},
 series = {EuroSys '12},
 year = {2012},
 pages = {57--70},
 numpages = {14},
 publisher = {ACM},
 address = {Bern, Switzerland}

} 

@Article{Blink,
  author =	 {Sharma, Navin and Barker, Sean and Irwin, David and
                  Shenoy, Prashant},
  title =	 {Blink: Managing Server Clusters on Intermittent
                  Power},
  journal =	 {ACM SIGARCH Computer Architecture News},
  year =	 2011,
  volume =	 39,
  number =	 1,
  pages =	 {185--198},
  month =	 mar

}

@INPROCEEDINGS{iSwitch,
author={C. Li and A. Qouneh and T. Li},
booktitle={2012 39th Annual International Symposium on Computer Architecture (ISCA)},
title={{iSwitch: Coordinating and optimizing renewable energy powered server clusters}},
year={2012},
pages={512-523},
publisher = {IEEE},
address = {Portland, OR, Estados Unidos}
}

@INPROCEEDINGS{SolarCore,
author={C. Li and W. Zhang and C. Cho and T. Li},
booktitle={2011 IEEE 17th International Symposium on High Performance Computer Architecture},
title={{SolarCore: Solar energy driven multi-core architecture power management}},
year={2011},
pages={205-216},
publisher = {IEEE},
address = {San Antonio, TX, Estados Unidos}
}

@techreport{energy-aware,
    Author = {Krioukov, Andrew and Alspaugh, Sara and Mohan, Prashanth and Dawson-Haggerty, Stephen and Culler, David E. and Katz, Randy H.},
    Title = {{Design and Evaluation of an Energy Agile Computing Cluster}},
    Institution = {EECS Department, University of California, Berkeley},
    Year = {2012},
    Month = {Jan},
    URL = {http://www2.eecs.berkeley.edu/Pubs/TechRpts/2012/EECS-2012-13.html},
    Number = {UCB/EECS-2012-13},
    address = {Berkeley, CA, Estados Unidos}
}


@inproceedings{prediction,
 author = {Aksanli, Baris and Venkatesh, Jagannathan and Zhang, Liuyi and Rosing, Tajana},
 title = {{Utilizing Green Energy Prediction to Schedule Mixed Batch and Service Jobs in Data Centers}},
 booktitle = {Proceedings of the 4th Workshop on Power-Aware Computing and Systems},
 series = {HotPower '11},
 year = {2011},
 address = {Cascais, Portugal},
 pages = {5:1--5:5},
 articleno = {5},
 numpages = {5},
 publisher = {ACM}
} 


@ARTICLE{Greening,
author={Z. Liu and M. Lin and A. Wierman and S. Low and L. L. H. Andrew},
journal={IEEE/ACM Transactions on Networking},
title={{Greening Geographical Load Balancing}},
year={2015},
volume={23},
number={2},
pages={657-671},
publisher ={IEE}
}


@InProceedings{GreenWare,
author={Zhang, Yanwei and Wang, Yefu and Wang, Xiaorui},
title={{GreenWare: Greening Cloud-Scale Data Centers to Maximize the Use of Renewable Energy}},
booktitle="Middleware 2011",
year="2011",
publisher="Springer Berlin Heidelberg",
address="Berlin, Heidelberg",
pages="143--164"
}

@inproceedings{Free_Lunch,
 author = {Akoush, Sherif and Sohan, Ripduman and Rice, Andrew and Moore, Andrew W. and Hopper, Andy},
 title = {{Free Lunch: Exploiting Renewable Energy for Computing}},
 booktitle = {Proceedings of the 13th USENIX Conference on Hot Topics in Operating Systems},
 series = {HotOS'13},
 year = {2011},
  pages = {17--17},
 numpages = {1},
 publisher = {USENIX Association},
 address = {Napa, CA, USA},
} 

@inproceedings{joules,
  title =	 {Some joules are more precious than others: Managing
                  renewable energy in the datacenter},
  author =	 {Stewart, Christopher and Shen, Kai},
  booktitle =	 {Proceedings of the workshop on power aware computing
                  and systems},
  pages =	 {15--19},
  year =	 2009,
  organization = {IEEE},
  address =	 {Big Sky, MT, EUA}
}

@inproceedings{notez,
 author = {Gao, Peter Xiang and Curtis, Andrew R. and Wong, Bernard and Keshav, Srinivasan},
 title = {{It's Not Easy Being Green}},
 booktitle = {Proceedings of the ACM SIGCOMM 2012 Conference on Applications, Technologies, Architectures, and Protocols for Computer Communication},
 series = {SIGCOMM '12},
 year = {2012},
  pages = {211--222},
 numpages = {12},
 publisher = {ACM},
 address = {Helsinki, Finland},
} 

@inproceedings{PIKA,

author={Y. Li and A. Orgerie and J. Menaud},
booktitle={2015 IEEE International Conference on Data Science and Data Intensive Systems},
title={{Opportunistic Scheduling in Clouds Partially Powered by Green Energy}},
year={2015},
pages={448-455},
publisher={IEEE},
address={Sydney, NSW, Australia}

}

@article{Courchelle,
  title={{Green energy efficient scheduling management}},
  author={De Courchelle, In{\`e}s and Gu{\'e}rout, Tom and Da Costa, Georges and Monteil, Thierry and Labit, Yann},
  journal={Simulation Modelling Practice and Theory},
  volume={93},
  pages={208--232},
  year={2019},
  publisher={Elsevier}
}

@misc{IEA,
 title   = {{Data centres and data transmission networks}},
 author = {IEA},
 url     = {www.iea.org/tcep/buildings/datacentres/},
 urlaccessdate={14 out. 2019},
 organization= {IEA},
 year    = {2019}

}

@misc{SIMGRID,
 title   = {{Simulation of Distributed Computer Systems}},
 author = {SimGrid},
 url     = {simgrid.org/},
 urlaccessdate={23 mar. 2020},
 organization= {SimGrid},
 year    = {2020}

}

@misc{SIMA,
 title   = {{SIMA} divulga balanço energético do estado de {SP}},
 url     = {www.infraestruturameioambiente.sp.gov.br/2019/09/sima-divulga-balanco-energetico-do-estado-de-sp-2019/},
 urlaccessdate={14 out. 2019},
 organization= { SIMA},
  author = {SIMA},
  year    = {2019},

}



@misc{Greenpeace,
 title   = {{Clicking Clean}},
 author = {Greenpeace},
 url     = {www.greenpeace.org/international/publication/6826/clicking-clean-2017/},
 urlaccessdate={14 out. 2019},
 organization= { Greenpeace International},
  year    = {2017},

}




@INPROCEEDINGS{_20,
author={M. Tighe and G. Keller and M. Bauer and H. Lutfiyya},
booktitle={2012 8th International Conference on Network and Service Management (CNSM) and 2012 Workshop on Systems Virtualiztion Management (SVM)},
title={{DCSim: A data centre simulation tool for evaluating dynamic virtualized resource management}},
year={2012},

pages={385-392},
publisher={IEEE},
address={ Las Vegas, NV, USA},
}


@inproceedings{SAGITTA,
  author={Camus, Benjamin and Dufoss{\'e}, Fanny and Orgerie, Anne-C{\'e}cile},
  title = {{A stochastic approach for optimizing green energy consumption in distributed clouds}},
  publisher={SMARTGREENS},
  booktitle = {{SMARTGREENS 2017 - International Conference on Smart Cities and Green ICT Systems}},
  address = {Porto, Portugal},
  year = {2017},
}

@INPROCEEDINGS{SCORPIOUS,
author={B. Camus and A. Blavette and F. Dufossé and A. Orgerie},
booktitle={2018 IEEE International Conference on Cluster Computing (CLUSTER)},
title={{Self-Consumption Optimization of Renewable Energy Production in Distributed Clouds}},
year={2018},
pages={370-380},
address=  { Belfast, UK },
publisher = {IEEE} 
}


@INPROCEEDINGS{NEMESIS,
author={B. Camus and F. Dufossé and A. Blavette and M. Quinson and A. Orgerie},
booktitle={2018 30th International Symposium on Computer Architecture and High Performance Computing (SBAC-PAD)},
title={{Network-Aware Energy-Efficient Virtual Machine Management in Distributed Cloud Infrastructures with On-Site Photovoltaic Production}},
year={2018},
pages={86-92},
address=  {  Lyon, France },
publisher = {IEEE} 
}





@article{graham,
author = {Graham, R. L.},
title = {{Bounds for Certain Multiprocessing Anomalies}},
journal = {Bell System Technical Journal},
volume = {45},
number = {9},
pages = {1563-1581},
year = {1966}
}


@book{Garey,
 author = {Garey, Michael R. and Johnson, David S.},
 title = {{Computers and Intractability: A Guide to the Theory of NP-Completeness}},
 year = {1979},
 isbn = {0716710447},
 publisher = {W. H. Freeman \& Co.},
 address = {New York, NY, USA},
} 


@INPROCEEDINGS{fos08,
author={I. Foster and Y. Zhao and I. Raicu and S. Lu},
booktitle={2008 Grid Computing Environments Workshop},
title={{Cloud Computing and Grid Computing 360-Degree Compared}},
year={2008},
 publisher = {IEEE},
pages={1-10},
address = { Austin, TX, USA}
}

@article{Buyya,
author = {Buyya, Rajkumar and Abramson, David and Giddy, Jonathan and Stockinger, Heinz},
title = {{Economic models for resource management and scheduling in Grid computing}},
journal = {Concurrency and Computation: Practice and Experience},
volume = {14},
number = {13‐15},
pages = {1507-1542},
year = {2002}
}

@article{_15,
 author = {Orgerie, Anne-Cecile and Assuncao, Marcos Dias de and Lefevre, Laurent},
 title = {A Survey on Techniques for Improving the Energy Efficiency of Large-scale Distributed Systems},
 journal = {ACM Comput. Surv.},
 issue_date = {April 2014},
 volume = {46},
 number = {4},
 month = mar,
 year = {2014},
 issn = {0360-0300},
 pages = {47:1--47:31},
 articleno = {47},
 numpages = {31},
 acmid = {2532637},
 publisher = {ACM},
 address = {New York, NY, USA},
 }

@Article{Ramirez,
author="Ram{\'i}rez-Alcaraz, Juan Manuel
and Tchernykh, Andrei
and Yahyapour, Ramin
and Schwiegelshohn, Uwe
and Quezada-Pina, Ariel
and Gonz{\'a}lez-Garc{\'i}a, Jos{\'e} Luis
and Hirales-Carbajal, Ad{\'a}n",
title={{Job Allocation Strategies with User Run Time Estimates for Online Scheduling in Hierarchical Grids}},
journal="Journal of Grid Computing",
year="2011",
volume="9",
number="1",
pages="95--116"
}


@INPROCEEDINGS{BKB07,
author={N. Bobroff and A. Kochut and K. Beaty},
booktitle={2007 10th IFIP/IEEE International Symposium on Integrated Network Management},
title={{Dynamic Placement of Virtual Machines for Managing SLA Violations}},
year={2007},
pages={119-128},
publisher = {IEEE},
address ={Munich, Germany}
}



@inproceedings{Cla05,
 author = {Clark, Christopher and Fraser, Keir and Hand, Steven and Hansen, Jacob Gorm and Jul, Eric and Limpach, Christian and Pratt, Ian and Warfield, Andrew},
 title = {{Live Migration of Virtual Machines}},
 booktitle = {Proceedings of the 2Nd Conference on Symposium on Networked Systems Design \& Implementation},
  year = {2005},
 pages = {273--286},
 numpages = {14},

 address = {Berkeley, CA, USA},
} 


@article{FERRETO20111027,
title = {{Server consolidation with migration control for virtualized data centers}},
journal = "Future Generation Computer Systems",
volume = "27",
number = "8",
pages = "1027 - 1034",
year = "2011",
issn = "0167-739X",
author = "Tiago C. Ferreto and Marco A.S. Netto and Rodrigo N. Calheiros and César A.F. De Rose"
}


@article{Cohen2011MultiorganizationSA,
  title={Multi-organization scheduling approximation algorithms},
  author={Johanne Cohen and Daniel Cordeiro and Denis Trystram and Fr{\'e}d{\'e}ric Wagner},
  journal={Concurrency and Computation: Practice and Experience},
  year={2011},
  volume={23},
  pages={2220-2234}
}

@inproceedings{Shen,
 author = {Shen, Zhiming and Subbiah, Sethuraman and Gu, Xiaohui and Wilkes, John},
 title = {{CloudScale: Elastic Resource Scaling for Multi-tenant Cloud Systems}},
 booktitle = {Proceedings of the 2nd ACM Symposium on Cloud Computing},
  year = {2011},
 isbn = {978-1-4503-0976-9},
 location = {Cascais, Portugal},
 pages = {5:1--5:14},
 articleno = {5},
 numpages = {14},
 publisher = {ACM},
 address = {New York, NY, USA},

} 







@article{_8,
author={S. Figuerola and M. Lemay and V. Reijs and M. Savoie and B. St. Arnaud},
journal={Journal of Lightwave Technology},
title={{Converged Optical Network Infrastructures in Support of Future Internet and Grid Services Using IaaS to Reduce GHG Emissions}},
year={2009},
volume={27},
number={12},
pages={1941-1946}
}


@ARTICLE{_16,
author={A. Rahman and X. Liu and F. Kong},
journal={IEEE Communications Surveys Tutorials},
title={{A Survey on Geographic Load Balancing Based Data Center Power Management in the Smart Grid Environment}},
year={2014},
volume={16},
number={1},
pages={214-233}
}

@ARTICLE{_5,
author={M. Dabbagh and B. Hamdaoui and M. Guizani and A. Rayes},
journal={IEEE Network},
title={{Toward energy-efficient cloud computing: Prediction, consolidation, and overcommitment}},
year={2015},
volume={29},
number={2},
pages={56-61}
}


@article{_1,
author = {Aupy, Guillaume and Benoit, Anne and Dufossé, Fanny and Robert, Yves},
title = {{Reclaiming the energy of a schedule: models and algorithms}},
journal = {Concurrency and Computation: Practice and Experience},
volume = {25},
number = {11},
pages = {1505-1523},

year = {2013}
}

@INPROCEEDINGS{_14,
author={S. Malla and K. Christensen},
publisher = {IEEE},
booktitle={2017 IEEE International Conference on Autonomic Computing (ICAC)},
title={{Reducing Power Use and Enabling Oversubscription in Multi-tenant Data Centers Using Local Price}},
year={2017},

pages={161-166},
address={Columbus, OH, USA}}

@inproceedings{_17, 
TITLE = {{Impact of Shutdown Techniques for Energy-Efficient Cloud Data Centers}}, 
AUTHOR = {Ra{\"i}s, Issam and Orgerie, Anne-C{\'e}cile and Quinson, Martin},
BOOKTITLE = {{ICA3PP: 16th International Conference on Algorithms and Architectures for Parallel Processing}},
publisher = {ICA3PP},
ADDRESS = {Granada, Spain}, PAGES = {203-210},
YEAR = {2016} }

@INPROCEEDINGS{_18,
author={S. Ren and Y. He and F. Xu},
booktitle={2012 IEEE 32nd International Conference on Distributed Computing Systems},
title={{Provably-Efficient Job Scheduling for Energy and Fairness in Geographically Distributed Data Centers}},
year={2012},
publisher = {IEEE},
pages={22-31},
address={Macau, China}
}


@ARTICLE{_21,
author={R. Tripathi and S. Vignesh and V. Tamarapalli},
journal={IEEE Communications Letters},
title={{Optimizing Green Energy, Cost, and Availability in Distributed Data Centers}},
year={2017},
volume={21},
number={3},
pages={500-503},
}
 
@article{_22,
title = {{A green energy-efficient scheduling algorithm using the DVFS technique for cloud datacenters}},
journal = "Future Generation Computer Systems",
volume = "37",
pages = "141 - 147",
year = "2014",
author = "Chia-Ming Wu and Ruay-Shiung Chang and Hsin-Yu Chan"
} 


@article{_23,
title ={{Minimizing SLA violation and power consumption in Cloud data centers using adaptive energy-aware algorithms}},
journal = "Future Generation Computer Systems",
volume = "86",
pages = "836 - 850",
year = "2018",
author = "Zhou Zhou and Jemal Abawajy and Morshed Chowdhury and Zhigang Hu and Keqin Li and Hongbing Cheng and Abdulhameed A. Alelaiwi and Fangmin Li",

}



@INPROCEEDINGS{li2017,
author={Y. Li and A. Orgerie and J. Menaud},
booktitle={2017 25th Euromicro International Conference on Parallel, Distributed and Network-based Processing (PDP)},
title={Balancing the Use of Batteries and Opportunistic Scheduling Policies for Maximizing Renewable Energy Consumption in a Cloud Data Center},
year={2017},
pages={408-415},
address={ São Petersburgo, Russia},
publisher={IEEE}
}

@INPROCEEDINGS{gu2016,
author={C. Gu and H. Huang and X. Jia},
booktitle={2016 IEEE International Conference on Communications (ICC)},
title={Green scheduling for cloud data centers using ESDs to store renewable energy},
year={2016},
pages={1-7},
address={ Kuala Lumpur, Malásia},
publisher={IEEE}}

@ARTICLE{datazero,
author={J. Pierson and G. Baudic and S. Caux and B. Celik and G. Da Costa and L. Grange and M. Haddad and J. Lecuivre and J. Nicod and L. Philippe and V. Rehn-Sonigo and R. Roche and G. Rostirolla and A. Sayah and P. Stolf and M. Thi and C. Varnier},
journal={IEEE Access},
title={DATAZERO: Datacenter With Zero Emission and Robust Management Using Renewable Energy},
year={2019},
volume={7},
pages={103209-103230},
publisher={IEEE},
}

@article{sgeess,
title = {SGEESS: Smart green energy-efficient scheduling strategy with dynamic electricity price for data center},
journal = {Journal of Systems and Software},
volume = {108},
pages = {23-38},
year = {2015},
issn = {0164-1212},
author = {Hongtao Lei and Tao Zhang and Yajie Liu and Yabing Zha and Xiaomin Zhu}
}


@article{falcao_smartgrid,
  title={Integra{\c{c}}{\~a}o de tecnologias para viabiliza{\c{c}}{\~a}o da smart grid},
  author={Falc{\~a}o, Djalma M},
  journal={III Simp{\'o}sio Brasileiro de Sistemas El{\'e}tricos},
  pages={1--5},
  year=2010
}


@ARTICLE{smartGrid_survey,
author={X. Fang and S. Misra and G. Xue and D. Yang},
journal={IEEE Communications Surveys Tutorials},
title={Smart Grid — The New and Improved Power Grid: A Survey},
year={2012},
volume={14},
number={4},
pages={944-980},
publisher={IEEE}
}

@ARTICLE{path_smart_grid,
author={H. Farhangi},
journal={IEEE Power and Energy Magazine},
title={The path of the smart grid},
year={2010},
volume={8},
number={1},
pages={18-28},
publisher={IEEE}
}


@conference{smartgreens17,
  author={Arthur M. Del Esposte and Fabio Kon and Fabio M. Costa and Nelson Lago},
  title={InterSCity: A Scalable Microservice-based Open Source Platform for Smart Cities },
  booktitle={Proceedings of the 6th International Conference on Smart Cities and Green ICT Systems},
  year={2017},
  pages={35-46}

}